<record><leader>00000cas a22000007a 4500</leader><controlfield tag="001">30536855</controlfield><controlfield tag="008">940602d186u186unyudn ne      0    0eng d</controlfield><datafield ind1=" " ind2=" " tag="010"><subfield code="a">sn 94057592 </subfield></datafield><datafield ind1=" " ind2=" " tag="040"><subfield code="a">NYS</subfield><subfield code="b">eng</subfield><subfield code="c">NYS</subfield><subfield code="d">OCL</subfield><subfield code="d">NYS</subfield><subfield code="d">OCLCQ</subfield><subfield code="d">OCLCF</subfield><subfield code="d">OCLCO</subfield></datafield><datafield ind1="1" ind2=" " tag="029"><subfield code="a">AU@</subfield><subfield code="b">000020231041</subfield></datafield><datafield ind1=" " ind2=" " tag="042"><subfield code="a">msc</subfield></datafield><datafield ind1=" " ind2=" " tag="043"><subfield code="a">n-us-ny</subfield></datafield><datafield ind1="0" ind2="0" tag="245"><subfield code="a">Lockport daily bee and union.</subfield></datafield><datafield ind1="3" ind2="0" tag="246"><subfield code="a">Daily bee and union</subfield></datafield><datafield ind1=" " ind2=" " tag="260"><subfield code="a">[Lockport, N.Y.] :</subfield><subfield code="b">Henry Shaft</subfield></datafield><datafield ind1=" " ind2=" " tag="300"><subfield code="a">v.</subfield></datafield><datafield ind1=" " ind2=" " tag="310"><subfield code="a">Daily (except Sunday)</subfield></datafield><datafield ind1=" " ind2=" " tag="580"><subfield code="a">Weekly ed.: Niagara Democrat (Lockport, N.Y. : 1865).</subfield></datafield><datafield ind1=" " ind2=" " tag="588"><subfield code="a">Description based on: New ser., vol. 1, no. 81 (Mar. 7, 1865).</subfield></datafield><datafield ind1=" " ind2="0" tag="651"><subfield code="a">Lockport (N.Y.)</subfield><subfield code="v">Newspapers.</subfield></datafield><datafield ind1=" " ind2="7" tag="655"><subfield code="a">Newspapers.</subfield><subfield code="2">fast</subfield><subfield code="0">(OCoLC)fst01423814</subfield></datafield><datafield ind1=" " ind2="7" tag="651"><subfield code="a">New York (State)</subfield><subfield code="z">Lockport.</subfield><subfield code="2">fast</subfield><subfield code="0">(OCoLC)fst01213352</subfield></datafield><datafield ind1=" " ind2=" " tag="752"><subfield code="a">United States</subfield><subfield code="b">New York</subfield><subfield code="c">Niagara</subfield><subfield code="d">Lockport.</subfield></datafield><datafield ind1="1" ind2=" " tag="775"><subfield code="t">Niagara Democrat (Lockport, N.Y. : 1865)</subfield><subfield code="w">(DLC)sn 83031432</subfield></datafield><datafield ind1="0" ind2="4" tag="780"><subfield code="t">Lockport daily bee</subfield><subfield code="w">(DLC)sn 94057590</subfield></datafield><datafield ind1="0" ind2="4" tag="780"><subfield code="t">Lockport daily union (Lockport, N.Y. : 1860)</subfield><subfield code="w">(DLC)sn 94057591</subfield><subfield code="w">(OCoLC)30535463</subfield></datafield><datafield ind1="0" ind2="0" tag="785"><subfield code="t">Lockport daily union (Lockport, N.Y. : 1865)</subfield><subfield code="w">(DLC)sn 84031268</subfield></datafield></record>